<collection xmlns="http://www.loc.gov/MARC21/slim">
<record>
  <leader>01882nam0a2200301 i 450 </leader>
  <controlfield tag="001">IT\ICCU\CNCE\070420</controlfield>
  <controlfield tag="005">20180522000000.0</controlfield>
  <datafield tag="012" ind1=" " ind2=" ">
    <subfield code="a">c-a. nsme o-G. trOr (3) 1545 (R)</subfield>
    <subfield code="2">fei</subfield>
  </datafield>
  <datafield tag="100" ind1=" " ind2=" ">
    <subfield code="a">20070426d1545        0itac0103    ba</subfield>
  </datafield>
  <datafield tag="101" ind1=" " ind2=" ">
    <subfield code="a">ITA</subfield>
  </datafield>
  <datafield tag="102" ind1=" " ind2=" ">
    <subfield code="a">IT</subfield>
  </datafield>
  <datafield tag="200" ind1="1" ind2=" ">
    <subfield code="a">Libro de la compagnia ouero de la fraternita di battudi de santo Hieronymo  in Ancona. Nouamente con nuouo ordine stampato et diligentemente corretto: con molte additioni</subfield>
  </datafield>
  <datafield tag="210" ind1=" " ind2=" ">
    <subfield code="e">Venetiis</subfield>
    <subfield code="g">per Ioannem Antonium &amp; Petrum fratres</subfield>
    <subfield code="h">de Nicolinis de Sabio</subfield>
    <subfield code="g">\Giovanni Marco Salvioni!</subfield>
    <subfield code="h">1545</subfield>
  </datafield>
  <datafield tag="215" ind1=" " ind2=" ">
    <subfield code="a">105 \i.e.156! c.</subfield>
    <subfield code="d">4ʻ</subfield>
  </datafield>
  <datafield tag="620" ind1=" " ind2=" ">
    <subfield code="a">IT</subfield>
    <subfield code="d">Venezia</subfield>
  </datafield>
  <datafield tag="710" ind1="0" ind2="2">
    <subfield code="a">Confraternita di S. Girolamo</subfield>
    <subfield code="c"> &lt;Ancona&gt;</subfield>
    <subfield code="3">IT\ICCU\CNCT\004207</subfield>
  </datafield>
  <datafield tag="712" ind1="0" ind2="0">
    <subfield code="a">Nicolini da Sabbio, Giovanni Antonio &amp; fratelli</subfield>
    <subfield code="3">IT\ICCU\CNCT\000133</subfield>
    <subfield code="4">650</subfield>
  </datafield>
  <datafield tag="712" ind1="0" ind2="0">
    <subfield code="a">Salvioni, Giovanni Marco</subfield>
    <subfield code="3">IT\ICCU\CNCT\001490</subfield>
    <subfield code="4">650</subfield>
  </datafield>
  <datafield tag="791" ind1="0" ind2="2">
    <subfield code="a">Compagnia di S. Girolamo</subfield>
    <subfield code="c"> &lt;Ancona&gt;</subfield>
    <subfield code="3">IT\ICCU\CNCT\004208</subfield>
    <subfield code="z">Confraternita di S. Girolamo &lt;Ancona&gt;</subfield>
  </datafield>
  <datafield tag="791" ind1="0" ind2="0">
    <subfield code="a">Salvionus, Ioannes Marcus</subfield>
    <subfield code="3">IT\ICCU\CNCT\005550</subfield>
    <subfield code="z">Salvioni, Giovanni Marco</subfield>
  </datafield>
  <datafield tag="801" ind1=" " ind2="3">
    <subfield code="a">IT</subfield>
    <subfield code="b">ICCU</subfield>
    <subfield code="c">20201115</subfield>
  </datafield>
  <datafield tag="899" ind1=" " ind2=" ">
    <subfield code="a">Biblioteca comunale Luciano Benincasa. Ancona</subfield>
    <subfield code="1">AN0001</subfield>
    <subfield code="2">URB BA</subfield>
  </datafield>
  <datafield tag="899" ind1=" " ind2=" ">
    <subfield code="a">Biblioteca della Soprintendenza per i beni archeologici delle Marche. Ancona</subfield>
    <subfield code="1">AN0012</subfield>
    <subfield code="2">URB 1S</subfield>
  </datafield>
  <datafield tag="899" ind1=" " ind2=" ">
    <subfield code="a">Biblioteca del Santuario della Ghiara. Reggio Emilia</subfield>
    <subfield code="z">MUTILO</subfield>
    <subfield code="1">RE0102</subfield>
    <subfield code="2">ZRE 12</subfield>
  </datafield>
  <datafield tag="911" ind1=" " ind2=" ">
    <subfield code="a">Sul front.</subfield>
    <subfield code="9">IT\ICCU\CNCM\001101</subfield>
  </datafield>
  <datafield tag="911" ind1=" " ind2=" ">
    <subfield code="a">In fine</subfield>
    <subfield code="9">IT\ICCU\CNCM\002433</subfield>
  </datafield>
  <datafield tag="921" ind1=" " ind2=" ">
    <subfield code="a">IT\ICCU\CNCM\001101</subfield>
    <subfield code="b">Cavolo con un serpente attorcigliato al gambo. Ai lati i nomi: Io. Anto et fratelli. In basso la scritta: brasica. Nella cornice del frontespizio</subfield>
    <subfield code="c">V417</subfield>
    <subfield code="d">Dimensioni dello scudo: 2,3 x 3,5</subfield>
    <subfield code="f">BRASICA</subfield>
    <subfield code="f">CAVOLO</subfield>
    <subfield code="f">SERPENTE</subfield>
    <subfield code="g">1522-1555</subfield>
  </datafield>
  <datafield tag="921" ind1=" " ind2=" ">
    <subfield code="a">IT\ICCU\CNCM\002433</subfield>
    <subfield code="b">Toro passante. In basso  le iniziali M.S. In cornice formata da ghirlanda di foglie con nastro intrecciato.</subfield>
    <subfield code="c">U962</subfield>
    <subfield code="f">TORO</subfield>
    <subfield code="f">MS</subfield>
    <subfield code="g">1538-1548</subfield>
  </datafield>
</record>
</collection>
